@Article{casseles97,
author="Caselles, Vicent
and Kimmel, Ron
and Sapiro, Guillermo",
title="Geodesic Active Contours",
journal="International Journal of Computer Vision",
year="1997",
month="Feb",
day="01",
volume="22",
number="1",
pages="61--79",
}

@article{coeurjolly04,
author={D. Coeurjolly and R. Klette},
journal={IEEE Transactions on Pattern Analysis and Machine Intelligence},
title={A comparative evaluation of length estimators of digital curves},
year={2004},
volume={26},
number={2},
pages={252-258},
month={Feb}
}

@phdthesis{lachaud06,
  TITLE = {{Non-Euclidean spaces and image analysis : Riemannian and discrete deformable models, discrete topology and geometry}},
  AUTHOR = {Lachaud, Jacques-Olivier},
  URL = {https://tel.archives-ouvertes.fr/tel-00396332},
  SCHOOL = {{Universit{\'e} Sciences et Technologies - Bordeaux I}},
  YEAR = {2006},
  MONTH = Dec,
}



@InProceedings{coeurjolly13,
author="Coeurjolly, David
and Lachaud, Jacques-Olivier
and Levallois, J{\'e}r{\'e}my",
editor="Gonzalez-Diaz, Rocio
and Jimenez, Maria-Jose
and Medrano, Belen",
title="Integral Based Curvature Estimators in Digital Geometry",
booktitle="Discrete Geometry for Computer Imagery",
year="2013",
publisher="Springer Berlin Heidelberg",
address="Berlin, Heidelberg",
pages="215--227",
}

@Inbook{coeurjolly12,
author="Coeurjolly, David
and Lachaud, Jacques-Olivier
and Roussillon, Tristan",
title="Multigrid Convergence of Discrete Geometric Estimators",
bookTitle="Digital Geometry Algorithms: Theoretical Foundations and Applications to Computational Imaging",
year="2012",
publisher="Springer Netherlands",
address="Dordrecht",
pages="395--424",
}

@InProceedings{roussillon11,
author="Roussillon, Tristan
and Lachaud, Jacques-Olivier",
editor="Aggarwal, Jake K.
and Barneva, Reneta P.
and Brimkov, Valentin E.
and Koroutchev, Kostadin N.
and Korutcheva, Elka R.",
title="Accurate Curvature Estimation along Digital Contours with Maximal Digital Circular Arcs",
booktitle="Combinatorial Image Analysis",
year="2011",
publisher="Springer Berlin Heidelberg",
address="Berlin, Heidelberg",
pages="43--55",
}

@article{schindele17,
 author = {Schindele, Andreas and Massopust, Peter and Forster, Brigitte},
 title = {Multigrid Convergence for the {MDCA} Curvature Estimator},
 journal = {J. Math. Imaging Vis.},
 issue_date = {March     2017},
 volume = {57},
 number = {3},
 month = mar,
 year = {2017},
 issn = {0924-9907},
 pages = {423--438},
 numpages = {16},
 publisher = {Kluwer Academic Publishers},
 address = {Norwell, MA, USA},
} 


@InProceedings{masnou98,
author={S. Masnou and J. M. Morel},
booktitle={Proceedings 1998 International Conference on Image Processing. ICIP98 (Cat. No.98CB36269)},
title={Level lines based disocclusion},
year={1998},
volume={},
number={},
pages={259-263 vol.3},
month={Oct},}



@Article{appleton05,
author="Appleton, Ben
and Talbot, Hugues",
title="Globally Optimal Geodesic Active Contours",
journal="Journal of Mathematical Imaging and Vision",
year="2005",
month="Jul",
day="01",
volume="23",
number="1",
pages="67--86",
}



@INPROCEEDINGS{boykov01,
author={Y. Y. Boykov and M. P. Jolly},
booktitle={Proceedings Eighth IEEE International Conference on Computer Vision. ICCV 2001},
title={Interactive graph cuts for optimal boundary amp; region segmentation of objects in N-D images},
year={2001},
volume={1},
number={},
pages={105-112 vol.1},
month={},}


@INPROCEEDINGS{schoenemann09,
author={T. Schoenemann and F. Kahl and D. Cremers},
booktitle={2009 IEEE 12th International Conference on Computer Vision},
title={Curvature regularity for region-based image segmentation and inpainting: A linear programming relaxation},
year={2009},
volume={},
number={},
pages={17-23},
month={Sept},}


@INPROCEEDINGS{zehiry10,
author={N. Y. El-Zehiry and L. Grady},
booktitle={2010 IEEE Computer Society Conference on Computer Vision and Pattern Recognition},
title={Fast global optimization of curvature},
year={2010},
volume={},
number={},
pages={3257-3264},
month={June},}



@INPROCEEDINGS{nieuwenhuis14,
author={C. Nieuwenhuis and E. Toeppe and L. Gorelick and O. Veksler and Y. Boykov},
booktitle={2014 IEEE Conference on Computer Vision and Pattern Recognition},
title={Efficient Squared Curvature},
year={2014},
volume={},
number={},
pages={4098-4105},
month={June},}


@article{boros02,
title = "Pseudo-Boolean optimization",
journal = "Discrete Applied Mathematics",
volume = "123",
number = "1",
pages = "155 - 225",
year = "2002",
author = "Endre Boros and Peter L. Hammer"
}

@inproceedings{kolmogorov07,
author = {Kolmogorov, Vladimir and Rother, Carsten},
title = {Minimizing non-submodular functions with graph cuts - a review},
booktitle = {},
year = {2007},
month = {January},
journal = {PAMI},
volume = {29},
}


@ARTICLE{kolmogorov04,
author={V. Kolmogorov and R. Zabin},
journal={IEEE Transactions on Pattern Analysis and Machine Intelligence},
title={What energy functions can be minimized via graph cuts?},
year={2004},
volume={26},
number={2},
pages={147-159},
month={Feb},}


@INPROCEEDINGS{boykov03,
author={Y. Boykov and V. Kolmogorov},
booktitle={Proceedings Ninth IEEE International Conference on Computer Vision},
title={Computing geodesics and minimal surfaces via graph cuts},
year={2003},
volume={},
number={},
pages={26-33 vol.1},
month={Oct},}


@InProceedings{manay04,
author="Manay, Siddharth
and Hong, Byung-Woo
and Yezzi, Anthony J.
and Soatto, Stefano",
editor="Pajdla, Tom{\'a}s
and Matas, Ji{\v{r}}{\'i}",
title="Integral Invariant Signatures",
booktitle="Computer Vision - ECCV 2004",
year="2004",
publisher="Springer Berlin Heidelberg",
address="Berlin, Heidelberg",
pages="87--99"
}

@article{pottman09,
title = "Integral invariants for robust geometry processing",
journal = "Computer Aided Geometric Design",
volume = "26",
number = "1",
pages = "37 - 60",
year = "2009",
author = "Helmut Pottmann and Johannes Wallner and Qi-Xing Huang and Yong-Liang Yang",
keywords = "Geometry processing, Curvature, Integral invariant, Stability, 3D shape understanding"
}

@article{tai11,
 author = {Tai, Xue-Cheng and Hahn, Jooyoung and Chung, Ginmo Jason},
 title = {A Fast Algorithm for Euler's Elastica Model Using Augmented Lagrangian Method},
 journal = {SIAM J. Img. Sci.},
 issue_date = {February 2011},
 volume = {4},
 number = {1},
 month = mar,
 year = {2011},
 pages = {313--344},
 numpages = {32}
} 

@article{lachaud07,
 author = {Lachaud, Jacques-Olivier and Vialard, Anne and de Vieilleville, Fran\c{c}ois},
 title = {Fast, Accurate and Convergent Tangent Estimation on Digital Contours},
 journal = {Image Vision Comput.},
 issue_date = {October, 2007},
 volume = {25},
 number = {10},
 month = oct,
 year = {2007},
 issn = {0262-8856},
 pages = {1572--1587},
 numpages = {16},
 acmid = {1279437},
 publisher = {Butterworth-Heinemann}
}

@article{rother04,
 author = {Rother, Carsten and Kolmogorov, Vladimir and Blake, Andrew},
 title = {"GrabCut": Interactive Foreground Extraction Using Iterated Graph Cuts},
 journal = {ACM Trans. Graph.},
 issue_date = {August 2004},
 volume = {23},
 number = {3},
 month = aug,
 year = {2004},
 issn = {0730-0301},
 pages = {309--314},
 numpages = {6},
 publisher = {ACM}
} 

@article{rother07,
  title={Optimizing Binary MRFs via Extended Roof Duality},
  author={Carsten Rother and Vladimir Kolmogorov and Victor S. Lempitsky and Martin Szummer},
  journal={2007 IEEE Conference on Computer Vision and Pattern Recognition},
  year={2007},
  pages={1-8}
}