@InProceedings{bruckstein96,
author={Bruckstein, A.M. and Holt, R.J. and Netravali, A.N.},
editor={Miguet, Serge and Montanvert, Annick and Ub{\'e}da, St{\'e}phane},
title={Discrete elastica},
booktitle={Discrete Geometry for Computer Imagery},
year={1996},
publisher={Springer Berlin Heidelberg},
address={Berlin, Heidelberg},
pages={59--72}
}

@article{bruckstein01,
author={Bruckstein, A.M. and A.N. Netravali and T.J. Richardson},
title={Epi-convergence of discrete elastica},
journal={Applicable Analysis},
volume={79},
number={1-2},
pages={137--171},
doi={10.1080/00036810108840955},
year={2001}
}

@INPROCEEDINGS{schoenemann09linear,
author={T. Schoenemann and F. Kahl and D. Cremers},
booktitle={2009 IEEE 12th International Conference on Computer Vision},
title={Curvature regularity for region-based image segmentation and inpainting: A linear programming relaxation},
year={2009},
volume={},
number={},
pages={17-23},
month={Sept},}